@misc{website:top500November2004,
  author = "{Top 500}",
  title = "TOP500 Supercomputing Sites",
  month = "November",
  year = 2004,
  howpublished = "\url{http://www.top500.org/lists/2004/11}"
}

@misc{website:jugene,
  author = "{J}{\"{u}}lich {S}upercomputing {C}entre",
  title = "{FZJ-JSC IBM Blue Gene/P - JUGENE}",
  month = "January",
  year = 2009,
  howpublished = "\url{http://www.fz-juelich.de/jsc/jugene}"
}

@misc{website:sequoia,
  author = "{LLNL}",
  title = "{Advanced Simulation and Computing}",
  month = "June",
  year = 2009,
  howpublished = "\url{https://asc.llnl.gov/computing_resources/sequoia/}"
}

@conference{peters:08,
  author = "Amanda Peters and Alan King and Tom Budnik and Pat McCarthy and Paul Michaud and Mike Mundy and Jim Sexton and Greg Stewart",
  title = "{Asynchronous Task Dispatch for High Throughput Computing for the eServer IBM Blue Gene Supercomputer}",
  month = "April",
  year = 2008,
  booktitle = "IEEE International Symposium on Parallel and Distributed Processing"
}

@inproceedings{marshall:09,
  author = {Marshall, Paul and Woitaszek, Matthew and Tufo, Henry M. and Knight, Rob and McDonald, Daniel and Goodrich, Julia},
  title = "{Ensemble dispatching on an IBM Blue Gene/L for a bioinformatics knowledge environment}",
  booktitle = {MTAGS '09: Proceedings of the 2nd Workshop on Many-Task Computing on Grids and Supercomputers},
  year = {2009},
  isbn = {978-1-60558-714-1},
  pages = {1--8},
  location = {Portland, Oregon},
  doi = {http://doi.acm.org/10.1145/1646468.1646481},
  publisher = {ACM},
  address = {New York, NY, USA},
}

@conference{raicu:08,
    author = "Ioan Raicu and Ian Foster and Yong Zhao.",
    title = "Many-Task Computing for Grids and Supercomputers",
    year = 2008,
    booktitle = "IEEE Workshop on Many-Task Computing on Grids and Supercomputers (MTAGS08), co-located with IEEE/ACM Supercomputing."
}
